<?xml version="1.0" encoding="UTF-8"?><collection xmlns="http://www.loc.gov/MARC21/slim"><record><leader>00431nam--2200133-i-4500</leader><controlfield tag="001">000024697</controlfield><controlfield tag="002">20161230</controlfield><controlfield tag="005">20161230201035</controlfield><controlfield tag="008">060222s1000------------r-----000-0-eng-d</controlfield><datafield ind1=" " ind2=" " tag="080"><subfield code="a">543.42(043)</subfield></datafield><datafield ind1=" " ind2=" " tag="100"><subfield code="a">Gillet, Daniel</subfield></datafield><datafield ind1=" " ind2=" " tag="245"><subfield code="a">Electronique quantique des jets moleculaires denombrement spectroscopique de populations.application a l`etude de la focalisation.these</subfield></datafield><datafield ind1=" " ind2=" " tag="260"><subfield code="a">Besancon,L`Universite, 1970. 92p</subfield></datafield><datafield ind1=" " ind2=" " tag="852"><subfield code="a">77102</subfield></datafield></record></collection>